@inproceedings{wang2003industrial,
  title={An industrial strength audio search algorithm.},
  author={Wang, Avery and others},
  booktitle={Ismir},
  volume={2003},
  pages={7--13},
  year={2003},
  organization={Citeseer}
}

@inproceedings{cooper2002automatic,
  title={Automatic Music Summarization via Similarity Analysis.},
  author={Cooper, Matthew and Foote, Jonathan},
  booktitle={ISMIR},
  year={2002},
  organization={Citeseer}
}

@article{pradhan2018smartphone,
  title={Smartphone-based acoustic indoor space mapping},
  author={Pradhan, Swadhin and Baig, Ghufran and Mao, Wenguang and Qiu, Lili and Chen, Guohai and Yang, Bo},
  journal={Proceedings of the ACM on Interactive, Mobile, Wearable and Ubiquitous Technologies},
  volume={2},
  number={2},
  pages={1--26},
  year={2018},
  publisher={ACM New York, NY, USA}
}

@article{graham2015software,
  title={A software-based sonar ranging sensor for smart phones},
  author={Graham, Daniel and Simmons, George and Nguyen, David T and Zhou, Gang},
  journal={IEEE Internet of Things Journal},
  volume={2},
  number={6},
  pages={479--489},
  year={2015},
  publisher={IEEE}
}

@article{rafii2012repeating,
  title={Repeating pattern extraction technique (REPET): A simple method for music/voice separation},
  author={Rafii, Zafar and Pardo, Bryan},
  journal={IEEE transactions on audio, speech, and language processing},
  volume={21},
  number={1},
  pages={73--84},
  year={2012},
  publisher={IEEE}
}

@inproceedings{bertin2011large,
  title={Large-scale cover song recognition using hashed chroma landmarks},
  author={Bertin-Mahieux, Thierry and Ellis, Daniel PW},
  booktitle={2011 IEEE Workshop on Applications of Signal Processing to Audio and Acoustics (WASPAA)},
  pages={117--120},
  year={2011},
  organization={IEEE}
}


@article{hansen2015speaker,
  title={Speaker recognition by machines and humans: A tutorial review},
  author={Hansen, John HL and Hasan, Taufiq},
  journal={IEEE Signal processing magazine},
  volume={32},
  number={6},
  pages={74--99},
  year={2015},
  publisher={IEEE}
}

@article{ballard1981generalizing,
  title={Generalizing the Hough transform to detect arbitrary shapes},
  author={Ballard, Dana H},
  journal={Pattern recognition},
  volume={13},
  number={2},
  pages={111--122},
  year={1981},
  publisher={Elsevier}
}

@article{turk1991eigenfaces,
  title={Eigenfaces for recognition},
  author={Turk, Matthew and Pentland, Alex},
  journal={Journal of cognitive neuroscience},
  volume={3},
  number={1},
  pages={71--86},
  year={1991},
  publisher={MIT Press One Rogers Street, Cambridge, MA 02142-1209, USA journals-info~â€¦}
}


@article{belhumeur1997eigenfaces,
  title={Eigenfaces vs. fisherfaces: Recognition using class specific linear projection},
  author={Belhumeur, Peter N. and Hespanha, Joao P and Kriegman, David J.},
  journal={IEEE Transactions on pattern analysis and machine intelligence},
  volume={19},
  number={7},
  pages={711--720},
  year={1997},
  publisher={IEEE}
}

@article{wagner2011toward,
  title={Toward a practical face recognition system: Robust alignment and illumination by sparse representation},
  author={Wagner, Andrew and Wright, John and Ganesh, Arvind and Zhou, Zihan and Mobahi, Hossein and Ma, Yi},
  journal={IEEE transactions on pattern analysis and machine intelligence},
  volume={34},
  number={2},
  pages={372--386},
  year={2011},
  publisher={IEEE}
}


@article{butler2005real,
  title={Real-time adaptive foreground/background segmentation},
  author={Butler, Darren E and Bove, V Michael and Sridharan, Sridha},
  journal={EURASIP Journal on Advances in Signal Processing},
  volume={2005},
  number={14},
  pages={1--13},
  year={2005},
  publisher={Springer}
}

@inproceedings{lowe1999object,
  title={Object recognition from local scale-invariant features},
  author={Lowe, David G},
  booktitle={Proceedings of the seventh IEEE international conference on computer vision},
  volume={2},
  pages={1150--1157},
  year={1999},
  organization={Ieee}
}

@article{baker2004lucas,
  title={Lucas-kanade 20 years on: A unifying framework},
  author={Baker, Simon and Matthews, Iain},
  journal={International journal of computer vision},
  volume={56},
  number={3},
  pages={221--255},
  year={2004},
  publisher={Springer}
}

@article{matthews2002extraction,
  title={Extraction of visual features for lipreading},
  author={Matthews, Iain and Cootes, Timothy F and Bangham, J Andrew and Cox, Stephen and Harvey, Richard},
  journal={IEEE Transactions on Pattern Analysis and Machine Intelligence},
  volume={24},
  number={2},
  pages={198--213},
  year={2002},
  publisher={IEEE}
}


@article{achanta2012slic,
  title={SLIC superpixels compared to state-of-the-art superpixel methods},
  author={Achanta, Radhakrishna and Shaji, Appu and Smith, Kevin and Lucchi, Aurelien and Fua, Pascal and S{\"u}sstrunk, Sabine},
  journal={IEEE transactions on pattern analysis and machine intelligence},
  volume={34},
  number={11},
  pages={2274--2282},
  year={2012},
  publisher={IEEE}
}


@inproceedings{zitnick2014edge,
  title={Edge boxes: Locating object proposals from edges},
  author={Zitnick, C Lawrence and Doll{\'a}r, Piotr},
  booktitle={European conference on computer vision},
  pages={391--405},
  year={2014},
  organization={Springer}
}


@inproceedings{yan2013hierarchical,
  title={Hierarchical saliency detection},
  author={Yan, Qiong and Xu, Li and Shi, Jianping and Jia, Jiaya},
  booktitle={Proceedings of the IEEE conference on computer vision and pattern recognition},
  pages={1155--1162},
  year={2013}
}

@article{cho2012video,
  title={Video deblurring for hand-held cameras using patch-based synthesis},
  author={Cho, Sunghyun and Wang, Jue and Lee, Seungyong},
  journal={ACM Transactions on Graphics (TOG)},
  volume={31},
  number={4},
  pages={1--9},
  year={2012},
  publisher={ACM New York, NY, USA}
}
